@inproceedings{jia2024magic,
  title={$\{$MAGIC$\}$: Detecting Advanced Persistent Threats via Masked Graph Representation Learning},
  author={Jia, Zian and Xiong, Yun and Nan, Yuhong and Zhang, Yao and Zhao, Jinjing and Wen, Mi},
  booktitle={33rd USENIX Security Symposium (USENIX Security 24)},
  pages={5197--5214},
  year={2024}
}